<?xml version="1.0" encoding="UTF-8"?><collection xmlns="http://www.loc.gov/MARC21/slim"><record><leader>00511nam--2200181-u-4500</leader><controlfield tag="001">000056473</controlfield><controlfield tag="002">20161230</controlfield><controlfield tag="005">20161230201052</controlfield><controlfield tag="008">151029s1000------------r-----000-0-eng-d</controlfield><datafield ind1=" " ind2=" " tag="040"><subfield code="a">IFIN-HH</subfield></datafield><datafield ind1=" " ind2=" " tag="080"><subfield code="a">53</subfield></datafield><datafield ind1="1" ind2=" " tag="100"><subfield code="a">Haber-schaim,Uri/S.A.</subfield></datafield><datafield ind1="1" ind2="0" tag="245"><subfield code="a">Pssc physics. laboratory guide</subfield><subfield code="c">Uri haber-schiam, judson b. cross, john h. dodge, james a. walter</subfield></datafield><datafield ind1=" " ind2=" " tag="250"><subfield code="a">Third Edition</subfield></datafield><datafield ind1=" " ind2=" " tag="260"><subfield code="a">Lexington, Mass</subfield><subfield code="b">D.C. Heath And Company</subfield><subfield code="c">1971</subfield></datafield><datafield ind1=" " ind2=" " tag="300"><subfield code="a">106P</subfield></datafield><datafield ind1="1" ind2=" " tag="700"><subfield code="a">Walter, James A</subfield></datafield><datafield ind1=" " ind2=" " tag="852"><subfield code="a">35757</subfield></datafield></record></collection>